@techreport{dlep,
    author = {Sarang Noether},
    title = {MRL-0010: Dirscrete Logarithm Equality Across Groups},
    institution = {Monero Research Lab},
    year = {2018}
    url = {https://www.getmonero.org/resources/research-lab/pubs/MRL-0010.pdf}
}
@article{abe04,
  author    = {Masayuki Abe and
               Miyako Ohkubo and
               Koutarou Suzuki},
  title     = {1-out-of-n Signatures from a Variety of Keys},
  journal   = {{IEICE} Trans. Fundam. Electron. Commun. Comput. Sci.},
  volume    = {87-A},
  number    = {1},
  pages     = {131--140},
  year      = {2004},
  url       = {http://search.ieice.org/bin/summary.php?id=e87-a\_1\_131\&category=D\&year=2004\&lang=E\&abst=},
  timestamp = {Sat, 11 Apr 2020 13:28:55 +0200},
  biburl    = {https://dblp.org/rec/journals/ieicet/AbeOS04.bib},
  bibsource = {dblp computer science bibliography, https://dblp.org}
}

